<record><leader>00000cas a22000007a 4500</leader><controlfield tag="001">31425256</controlfield><controlfield tag="008">941108d193319uunyuwr ne      0    0eng d</controlfield><datafield ind1=" " ind2=" " tag="010"><subfield code="a">sn 94061028 </subfield></datafield><datafield ind1=" " ind2=" " tag="040"><subfield code="a">NYS</subfield><subfield code="b">eng</subfield><subfield code="c">NYS</subfield><subfield code="d">OCLCQ</subfield></datafield><datafield ind1=" " ind2=" " tag="042"><subfield code="a">msc</subfield></datafield><datafield ind1="0" ind2="0" tag="245"><subfield code="a">Centre Island news.</subfield></datafield><datafield ind1=" " ind2=" " tag="260"><subfield code="a">Hicksville, Long Island [N.Y.] :</subfield><subfield code="b">Centre Island News</subfield></datafield><datafield ind1=" " ind2=" " tag="300"><subfield code="a">v.</subfield></datafield><datafield ind1=" " ind2=" " tag="310"><subfield code="a">Weekly</subfield></datafield><datafield ind1="0" ind2=" " tag="362"><subfield code="a">Vol. 17, no. 1 (Nov. 10, 1933)-</subfield></datafield><datafield ind1=" " ind2=" " tag="500"><subfield code="a">Hicksville Tercentennial edition issued May 13, 1948.</subfield></datafield><datafield ind1=" " ind2="4" tag="651"><subfield code="a">Centre Island (N.Y.)</subfield><subfield code="v">Newspapers.</subfield></datafield><datafield ind1=" " ind2="4" tag="651"><subfield code="a">Hicksville (N.Y.)</subfield><subfield code="v">Newspapers.</subfield></datafield><datafield ind1=" " ind2="4" tag="651"><subfield code="a">Nassau County (N.Y.)</subfield><subfield code="v">Newspapers.</subfield></datafield><datafield ind1=" " ind2=" " tag="752"><subfield code="a">United States</subfield><subfield code="b">New York</subfield><subfield code="c">Nassau</subfield><subfield code="d">Hicksville.</subfield></datafield><datafield ind1="0" ind2="0" tag="780"><subfield code="a">Hicksville courier</subfield><subfield code="w">(DLC)sn 94061027</subfield><subfield code="w">(OCoLC)31425042</subfield></datafield><datafield ind1="0" ind2="7" tag="785"><subfield code="a">Hicksville town topics-leader</subfield><subfield code="w">(DLC)sn 94061030</subfield><subfield code="w">(OCoLC)31426064</subfield></datafield><datafield ind1="0" ind2="7" tag="785"><subfield code="a">Centre Island news and town topics-leader</subfield><subfield code="w">(DLC)sn 90066599</subfield><subfield code="w">(OCoLC)22839428</subfield></datafield><datafield ind1="1" ind2=" " tag="029"><subfield code="a">AU@</subfield><subfield code="b">000011427677</subfield></datafield></record>